<<<<<<< HEAD

@article{mirjalili2018gender,
  title={Gender Privacy: An Ensemble of Semi Adversarial Networks for Confounding Arbitrary Gender Classifiers},
  author={Mirjalili, Vahid and Raschka, Sebastian and Ross, Arun},
  journal={arXiv preprint arXiv:1807.11936},
  year={2018}
}
 @article{weinstein2013cancer,
  title={The cancer genome atlas pan-cancer analysis project},
  author={Weinstein, John N and Collisson, Eric A and Mills, Gordon B and Shaw, Kenna R Mills and Ozenberger, Brad A and Ellrott, Kyle and Shmulevich, Ilya and Sander, Chris and Stuart, Joshua M and Cancer Genome Atlas Research Network and others},
  journal={Nature genetics},
  volume={45},
  number={10},
  pages={1113},
  year={2013},
  publisher={Nature Publishing Group}
}
=======

@article{mirjalili2018gender,
  title={Gender Privacy: An Ensemble of Semi Adversarial Networks for Confounding Arbitrary Gender Classifiers},
  author={Mirjalili, Vahid and Raschka, Sebastian and Ross, Arun},
  journal={arXiv preprint arXiv:1807.11936},
  year={2018}
}
 @article{weinstein2013cancer,
  title={The cancer genome atlas pan-cancer analysis project},
  author={Weinstein, John N and Collisson, Eric A and Mills, Gordon B and Shaw, Kenna R Mills and Ozenberger, Brad A and Ellrott, Kyle and Shmulevich, Ilya and Sander, Chris and Stuart, Joshua M and Cancer Genome Atlas Research Network and others},
  journal={Nature genetics},
  volume={45},
  number={10},
  pages={1113},
  year={2013},
  publisher={Nature Publishing Group}
}
>>>>>>> a3329b6f91c72b97501662197af26a13b10f33ef
